@article{poon-domingos,
  author  = "Hoifung Poon and Pedro Domingos",
  title   = "Sum-Product Networks: A New Deep Architecture",
  year    = "2011",
  journal = "Uncertainty in Artificial Intelligence",
  volume  = "27"
},

@article{gens-domingos,
  author  = "Robert Gens and Pedro Domingos",
  title   = "Learning the Structure of Sum-Product Networks",
  year    = "2013",
  journal = "International Conference on Machine Learning",
  volume  = "30"
},

@article{greedy-search,
  author  = "Aaron Dennis and Dan Ventura",
  title   = "Greedy Structure Search for Sum-Product Networks",
  year    = "2015",
  journal = "International Joint Conference on Artificial Intelligence",
  volume  = "24"
},

@article{clustering,
  author  = "Aaron Dennis and Dan Ventura",
  title   = "Learning the Architecture of Sum-Product Networks Using Clustering on Variables",
  year    = "2012",
  journal = "Advances in Neural Information Processing Systems",
  volume  = "25"
},

@article{non-parametric-bayesian,
  author  = "Sang-Woo Lee and Christopher Watkins and Byoung-Tak Zhang",
  title   = "Non-Parametric Bayesian Sum-Product Networks",
  year    = "2014",
  journal = "Workshop on Learning Tractable Probabilistic Models"
},

@article{diff-approach-darwiche,
  author  = "Adnan Darwiche",
  title   = "A Differential Approach to Inference in Bayesian Networks",
  year    = "2003"
},

@article{id-spn,
  author  = "Amirmohammad Rooshenas and Daniel Lowd",
  title   = "Learning Sum-Product Networks with Direct and Indirect Variable Interactions",
  year    = "2014",
  journal = "International Conference on Machine Learning 31 (ICML 2014)"
},

@article{libra,
  title   = "The Libra Toolkit for Probabilistic Models",
  author  = "Daniel Lowd and Amirmohammad Rooshenas",
  journal = "Journal of Machine Learning Research",
  year    = "2015",
	url     = "http://libra.cs.uoregon.edu/"
},

@article{bayesball,
  title   = "Bayes-Ball: The Rational Pastime (for Determining Irrelevance and Requisite Information in Belief Networks and Influence Diagrams)",
  author  = "Ross D. Shachter",
  year    = "1998",
  journal = "Uncertainty in Artificial Intelligence"
},

@article{graphoids-pearl,
  title   = "Graphoids: A Graph-Based Logic for Reasoning About Relevance Relations",
  author  = "Judea Pearl and Azaria Paz",
  year    = "1985"
},

@article{graphoids-studeny,
  title   = "Conditional independence relations have no finite complete characterization",
  author  = "M. Studeny and S. Kubik and J. A. Visek",
  year    = "1992"
},

@misc{website:spn-uwashington,
  author  = "Department of Computer Science, University of Washington",
  title   = "Sum-Product Networks",
  url     = "http://spn.cs.washington.edu/index.shtml"
},

@book{bayes-net-darwiche,
  author    = "Adnan Darwiche",
  title     = "Modeling and Reasoning with Bayesian Networks",
  year      = "2009",
  edition   = "1st Edition",
  publisher = "Cambridge University Press"
},

@book{pgm-koller,
  author    = "Daphne Koller and Nir Friedman",
  title     = "Probabilistic Graphical Models: Principals and Techniques",
  year      = "2009",
  publisher = "The MIT Press"
},

@book{pearl-1988,
  author    = "Judea Pearl",
  title     = "Probabilistic Reasoning in Intelligent Systems: Networks of Plausible Inference",
  year      = "1988",
  publisher = "Morgan Kaufmann"
},

@book{aima,
  author    = "Stuart Russel and Peter Norvig",
  title     = "Artificial Intelligence: A Modern Approach",
  year      = "2010",
  edition   = "3rd edition",
  publisher = "Prentice Hall"
},

@book{algorithms,
  author    = "Thomas H. Cormen and Charles E. Leiserson and Ronald L. Rivest and Clifford Stein",
  title     = "Introduction to Algorithms",
  year      = "2009",
  edition   = "3rd edition",
  publisher = "The MIT Press"
},

@report{project-def,
  author  = "Renato Lui Geh",
  title   = "Aprendizado Automático de Sum-Product Networks (SPN)",
  year    = "2015",
  url     = "http://www.ime.usp.br/~renatolg/mac0215/doc/project/relatorio.pdf"
},

@report{report-1,
  author  = "Renato Lui Geh",
  title   = "Modeling and Reasoning with Bayesian Networks: Compiling Bayesian Networks",
  year    = "2015",
  number  = "1",
  url     = "http://www.ime.usp.br/~renatolg/mac0215/doc/reports/week1/relatorio.pdf"
},

@report{report-2,
  author  = "Renato Lui Geh",
  title   = "Modeling and Reasoning with Bayesian Networks: Inference by Variable Elimination 6.1-6.5",
  year    = "2015",
  number  = "2",
  url     = "http://www.ime.usp.br/~renatolg/mac0215/doc/reports/week2/relatorio.pdf"
},

@report{report-5,
  author  = "Renato Lui Geh",
  title   = "Modeling and Reasoning with Bayesian Networks: Inference by Variable Elimination 6.6-6.9",
  year    = "2015",
  number  = "3",
  url     = "http://www.ime.usp.br/~renatolg/mac0215/doc/reports/week5/relatorio.pdf"
},

@report{report-8,
  author  = "Renato Lui Geh",
  title   = "Modeling and Reasoning with Bayesian Networks: Inference with Local Structure 13.1-13.3",
  year    = "2015",
  number  = "4",
  url     = "http://www.ime.usp.br/~renatolg/mac0215/doc/reports/week8/relatorio.pdf"
},

@report{report-9,
  author  = "Renato Lui Geh",
  title   = "Uma Introdução a Sum-Product Networks",
  year    = "2015",
  number  = "5",
  url     = "http://www.ime.usp.br/~renatolg/mac0215/doc/reports/week9/relatorio.pdf"
},

@misc{poster-spn,
  author  = "Renato Lui Geh",
  title   = "Aprendizado Automático de Sum-Product Networks",
  year    = "2015",
  url     = "http://www.ime.usp.br/~renatolg/mac0215/poster/poster.pdf"
}
